<?xml version="1.0" encoding="UTF-8"?><collection xmlns="http://www.loc.gov/MARC21/slim"><record><leader>00456nam--2200121-i-4500</leader><controlfield tag="001">000007483</controlfield><controlfield tag="002">20161230</controlfield><controlfield tag="005">20161230201027</controlfield><controlfield tag="008">060222s1000------------r-----000-0-eng-d</controlfield><datafield ind1=" " ind2=" " tag="100"><subfield code="a">Brown, Alberta L., Strauss, Lucille J.And Stri Eby, Irene M</subfield></datafield><datafield ind1=" " ind2=" " tag="245"><subfield code="a">Scientific and technical libraires. their orga nization and administration</subfield></datafield><datafield ind1=" " ind2=" " tag="260"><subfield code="a">New York, Interscience Publishers, 1964</subfield></datafield><datafield ind1=" " ind2=" " tag="490"><subfield code="a">Library Science And Documentation. A Series Of Texts And Monographs</subfield></datafield></record></collection>